% Copyright 2020 Google LLC
%
% Licensed under the Apache License, Version 2.0 (the "License");
% you may not use this file except in compliance with the License.
% You may obtain a copy of the License at
%
%      http://www.apache.org/licenses/LICENSE-2.0
%
% Unless required by applicable law or agreed to in writing, software
% distributed under the License is distributed on an "AS IS" BASIS,
% WITHOUT WARRANTIES OR CONDITIONS OF ANY KIND, either express or implied.
% See the License for the specific language governing permissions and
% limitations under the License.

@MISC {1057102,
    TITLE = {Showing that a Transitive Set of Transitive Sets is an Ordinal},
    AUTHOR = {Brian M. Scott (http://math.stackexchange.com/users/12042/brian-m-scott)},
    HOWPUBLISHED = {Mathematics Stack Exchange},
    NOTE = {URL:http://math.stackexchange.com/q/1057102 (version: 2014-12-08)},
    EPRINT = {http://math.stackexchange.com/q/1057102},
    URL = {http://math.stackexchange.com/q/1057102}
}
