@MISC {1057102,
    TITLE = {Showing that a Transitive Set of Transitive Sets is an Ordinal},
    AUTHOR = {Brian M. Scott (http://math.stackexchange.com/users/12042/brian-m-scott)},
    HOWPUBLISHED = {Mathematics Stack Exchange},
    NOTE = {URL:http://math.stackexchange.com/q/1057102 (version: 2014-12-08)},
    EPRINT = {http://math.stackexchange.com/q/1057102},
    URL = {http://math.stackexchange.com/q/1057102}
}